@book{rasmussen06,
  title={Gaussian Processes for Machine Learning},
  author={Rasmussen, C.E. and Williams, CKI},
  year=2006,
  publisher={The MIT Press, Cambridge, MA, USA},
}

@article{RandomizedMatrixDecompose,
author = {Halko, N. and  Martinsson, P.G. and  Tropp, J.A. },
title = {Finding Structure with Randomness: Probabilistic Algorithms for Constructing Approximate Matrix Decompositions},
journal = "SIAM Review",
volume ="53",
number = "2",
pages="217-288",
year = "2011"
} 

@INPROCEEDINGS{smolaGreedy,
    author = {Alex J. Smola and Peter Bartlett},
    title = {Sparse Greedy Gaussian Process Regression},
    booktitle = {Advances in Neural Information Processing Systems 13},
    year = {2001},
    pages = {619--625},
    publisher = {MIT Press}
}


@inproceedings{randomfeatures,
  author    = {Ali Rahimi and
               Benjamin Recht},
  title     = {Random Features for Large-Scale Kernel Machines},
  booktitle = {NIPS},
  year      = {2007},
  ee        = {http://books.nips.cc/papers/files/nips20/NIPS2007_0833.pdf},
  crossref  = {DBLP:conf/nips/2007},
  bibsource = {DBLP, http://dblp.uni-trier.de}
}


@article{natarajan,
author = {Natarajan, B.K. },
title = {Sparse Approximate Solutions to Linear Systems},
journal = "SIAM J. Comput.",
volume ="24",
number = "2",
pages="227-234",
year = "1995"
} 

@article{FGTkernel,
title={Efficient Kernel Machines Using the Improved Fast Gauss Transform}, 
volume={17}, 
url={http://citeseerx.ist.psu.edu/viewdoc/download?doi=10.1.1.94.9975&rep=rep1&type=pdf}, number={11}, journal={Most}, publisher={MIT Press}, 
author={Yang, Changjiang and Duraiswami, Ramani and Davis, Larry}, 
editor={Saul, Lawrence K and Weiss, Yair and Bottou, LŽonEditors}, 
year={2005}, 
pages={1561--1568}}